<?xml version="1.0" encoding="UTF-8"?><collection xmlns="http://www.loc.gov/MARC21/slim"><record><leader>00403nam--2200133-i-4500</leader><controlfield tag="001">000036361</controlfield><controlfield tag="002">20161230</controlfield><controlfield tag="005">20161230201040</controlfield><controlfield tag="008">060222s1000------------r-----000-0-eng-d</controlfield><datafield ind1=" " ind2=" " tag="080"><subfield code="a">621.395</subfield></datafield><datafield ind1=" " ind2=" " tag="100"><subfield code="a">Pitsch, Helmut</subfield></datafield><datafield ind1=" " ind2=" " tag="245"><subfield code="a">Lehrbuch der funkempeangstechnik. insbesondere der rundfunkempfangstechnik</subfield></datafield><datafield ind1=" " ind2=" " tag="260"><subfield code="a">Leipzig, Akademische Verlagsgesellschaft, 1959, Xviii + 632p., 493 Fig</subfield></datafield><datafield ind1=" " ind2=" " tag="852"><subfield code="a">7559</subfield></datafield></record></collection>